
@Comment{VORTEX PAPERS}
@Comment{-----------------------------------------------}

@book{Newt2001,
  title={The N-vortex problem: analytical techniques},
  author={Newton, P.K.},
  volume={145},
  year={2001},
  publisher={Springer Science \& Business Media}
}

@Article{FluchGust97,
  author =	 {Flucher, M. and Gustafsson, B.},
  title =	 {Vortex motion in two-dimensional hydrodynamics},
  journal =	 {Royal Institute of Technology Report No. TRITA-MAT- 97-MA 02},
  year =	 1997
}

@article{SurCrow2008,
  title={Vortex dynamics in complex domains on a spherical surface},
  author={Surana, A. and Crowdy, D.},
  journal={Journal of Computational Physics},
  volume={227},
  number={12},
  pages={6058--6070},
  year={2008},
  publisher={Elsevier}
}

@article{Lin41,
  title={On the Motion of Vortices in Two Dimensions: I. Existence of the {K}irchhoff-{R}outh Function},
  author={Lin, C.C.},
  journal={Proceedings of the National Academy of Sciences of the United States of America},
  volume={27},
  number={12},
  pages={570},
  year={1941},
  publisher={National Academy of Sciences}
}

@article{Crowdy2006,
  title={Point vortex motion on the surface of a sphere with impenetrable boundaries},
  author={Crowdy, D.},
  journal={Physics of Fluids},
  volume={18},
  number={3},
  pages={036602},
  year={2006},
  publisher={AIP Publishing}
}

@article{Turk87,
  title={On the evolution of a concentrated vortex in an ideal fluid},
  author={Turkington, B.},
  journal={Archive for Rational Mechanics and Analysis},
  volume={97},
  number={1},
  pages={75--87},
  year={1987},
  publisher={Springer}
}

@article{March88,
  title={Euler evolution for singular initial data and vortex theory: a global solution},
  author={Marchioro, C.},
  journal={Communications in Mathematical Physics},
  volume={116},
  number={1},
  pages={45--55},
  year={1988},
  publisher={Springer}
}

@book{Kirch76,
  title={Vorlesungen {\"u}ber mathematische Physik},
  author={Kirchhoff, G.},
  volume={1},
  year={1876},
  publisher={BG Teubner}
}

@article{Routh80,
  title={Some applications of conjugate functions},
  author={Routh, E.J.},
  journal={Proceedings of the London Mathematical Society},
  volume={1},
  number={1},
  pages={73--89},
  year={1880},
  publisher={Oxford University Press}
}

@book{Saff92,
  title={Vortex dynamics},
  author={Saffman, P.G.},
  year={1992},
  publisher={Cambridge University Press}
}

@book{YinZhan97,
  title={Vortex methods},
  author={Ying, L. and Zhang, P.},
  volume={381},
  year={1997},
  publisher={Kluwer Academic Pub}
}

@inproceedings{Drit15,
  title={The motion of point vortices on closed surfaces},
  author={Dritschel, D. G. and Boatto, S.},
  booktitle={Proceedings of the Royal Society of London A: Mathematical, Physical and Engineering Sciences},
  volume={471},
  pages={20140890},
  year={2015},
  organization={The Royal Society}
}

@article{Kid2000,
  title={Point vortex motion on a sphere with solid boundaries},
  author={Kidambi, R. and Newton, P.K.},
  journal={Physics of Fluids},
  volume={12},
  number={3},
  pages={581--588},
  year={2000},
  publisher={AIP Publishing}
}

@article{Kid2000Stream,
  title={Streamline topologies for integrable vortex motion on a sphere},
  author={Kidambi, R. and Newton, P. K},
  journal={Physica D: Nonlinear Phenomena},
  volume={140},
  number={1},
  pages={95--125},
  year={2000},
  publisher={Elsevier}
}

@article{Kimura87,
  title={Vortex motion on a sphere},
  author={Kimura, Y. and Okamoto, H.},
  journal={Journal of the Physical Society of Japan},
  volume={56},
  number={12},
  pages={4203--4206},
  year={1987},
}

@article{Crowdy2003,
  title={Analytical solutions for distributed multipolar vortex equilibria on a sphere},
  author={Crowdy, D. and Cloke, M.},
  journal={Physics of Fluids},
  volume={15},
  number={1},
  pages={22--34},
  year={2003},
}

@article{Boatto2008,
  title={Vortices on closed surfaces},
  author={Boatto, S. and Koiller, J.},
  journal={arXiv preprint arXiv:0802.4313},
  year={2008}
}

@Comment{INTEGRAL EQUATIONS}
@Comment{-----------------------------------------------}
@article{KropNig2014,
  title={Fast integral equation methods for the {L}aplace-{B}eltrami equation on the sphere},
  author={Kropinski, M.C.A. and Nigam, N.},
  journal={Advances in Computational Mathematics},
  volume={40},
  number={2},
  pages={577--596},
  year={2014},
  publisher={Springer}
}

@incollection{GemmNigStein2008,
  title={Boundary integral equations for the {L}aplace-{B}eltrami operator},
  author={Gemmrich, S. and Nigam, N. and Steinbach, O.},
  booktitle={Mathematics and Computation, a Contemporary View},
  pages={21--37},
  year={2008},
  publisher={Springer}
}

@book{Atk97,
  title={The numerical solution of integral equations of the second kind},
  author={Atkinson, K.E.},
  volume={4},
  year={1997},
  publisher={Cambridge University Press}
}

@book{Kress99,
  title={Linear integral equations, volume 82 of Applied Mathematical Sciences},
  author={Kress, R.},
  year={1999},
  publisher={Springer-Verlag, New York,}
}

@book{Greenbaum12,
  title={Numerical Methods: Design, analysis, and computer implementation of algorithms},
  author={Greenbaum, A. and Chartier, T.P.},
  year={2012},
  publisher={Princeton University Press}
}

@article{GGM93,
  title={Laplace's equation and the {D}irichlet-{N}eumann map in multiply connected domains},
  author={Greenbaum, A. and Greengard, L. and McFadden, G.B.},
  journal={Journal of Computational Physics},
  volume={105},
  number={2},
  pages={267--278},
  year={1993},
  publisher={Elsevier}
}

@book{Colton2013,
  title={Integral equation methods in scattering theory},
  author={Colton, D. and Kress, R.},
  volume={72},
  year={2013},
  publisher={SIAM}
}

@book{Ingham2012,
  title={Boundary integral equation analyses of singular, potential, and biharmonic problems},
  author={Ingham, D. B. and Kelmanson, M. A.},
  volume={7},
  year={2012},
  publisher={Springer Science \& Business Media}
}

@Comment{CLOSE EVALUATION}
@Comment{---------------------------------------}
@article{Klock13,
  title={Quadrature by expansion: a new method for the evaluation of layer potentials},
  author={Kl{\"o}ckner, A. and Barnett, A. and Greengard, L. and O'Neil, M.},
  journal={Journal of Computational Physics},
  volume={252},
  pages={332--349},
  year={2013},
  publisher={Elsevier}
}

@article{Barn14,
  title={Evaluation of layer potentials close to the boundary for {L}aplace and {H}elmholtz problems on analytic planar domains},
  author={Barnett, A. H.},
  journal={SIAM Journal on Scientific Computing},
  volume={36},
  number={2},
  pages={A427--A451},
  year={2014},
  publisher={SIAM}
}

@article{Hels08,
  title={On the evaluation of layer potentials close to their sources},
  author={Helsing, J. and Ojala, R.},
  journal={Journal of Computational Physics},
  volume={227},
  number={5},
  pages={2899--2921},
  year={2008},
  publisher={Elsevier}
}

@Comment{LINEAR ALGEBRA}
@Comment{----------------------------------------------}
@book{Tref97,
  title={Numerical linear algebra},
  author={Trefethen, L. N. and Bau III, D.},
  volume={50},
  year={1997},
  publisher={SIAM}
}

@Comment{PDE THEORY}
@Comment{-----------------------------------------------}
@book{Evans98,
  title={Partial differential equations},
  author={Evans, L.},
  year={1998},
  publisher={American Mathematical Society}
}

@book{Strauss2008,
  title={Partial differential equations: An introduction},
  author={Strauss, W. A.},
  year={1992},
  publisher={John Wiley \& Sons, Inc.} 
}

@book{Gock2010,
  title={Partial differential equations: analytical and numerical methods},
  author={Gockenbach, M.S.},
  year={2010},
  publisher={SIAM}
}

@Comment{FMM}
@Comment{------------------------------------------------}

@article{CarrGreenRok88,
  title={A fast adaptive multipole algorithm for particle simulations},
  author={Carrier, J. and Greengard, L. and Rokhlin, V.},
  journal={SIAM Journal on Scientific and Statistical Computing},
  volume={9},
  number={4},
  pages={669--686},
  year={1988},
  publisher={SIAM}
}

@book{Green88,
  title={The rapid evaluation of potential fields in particle systems},
  author={Greengard, L.},
  year={1988},
  publisher={MIT press}
}

@article{GreenRok87,
  title={A fast algorithm for particle simulations},
  author={Greengard, L. and Rokhlin, V.},
  journal={Journal of Computational Physics},
  volume={73},
  number={2},
  pages={325--348},
  year={1987},
  publisher={Elsevier}
}

@article{Nish2002,
  title={Fast multipole accelerated boundary integral equation methods},
  author={Nishimura, N.},
  journal={Applied Mechanics Reviews},
  volume={55},
  number={4},
  pages={299--324},
  year={2002},
  publisher={American Society of Mechanical Engineers}
}

@article{Ying2004,
  title={A kernel-independent adaptive fast multipole algorithm in two and three dimensions},
  author={Ying, L. and Biros, G. and Zorin, D.},
  journal={Journal of Computational Physics},
  volume={196},
  number={2},
  pages={591--626},
  year={2004},
  publisher={Elsevier}
}

@article{FMMLIB,
  title={{FMMLIB}: fast multipole methods for electrostatics, elastostatics, and low frequency acoustic modeling},
  author={Gimbutas, Z. and Greengard, L.},
  journal={preparation. Software available from http://www. cims. nyu. edu/cmcl/software. html}
}

@Comment{FAST DIRECT SOLVERS}
@Comment{-----------------------------------------------}

@article{HoGreen2012,
  title={A fast direct solver for structured linear systems by recursive skeletonization},
  author={Ho, K. L. and Greengard, L.},
  journal={SIAM Journal on Scientific Computing},
  volume={34},
  number={5},
  pages={A2507--A2532},
  year={2012},
  publisher={SIAM}
}

@article{GillYoungMart2012,
  title={A direct solver with {$O(N)$} complexity for integral equations on one-dimensional domains},
  author={Gillman, A. and Young, P. M. and Martinsson, P.G.},
  journal={Frontiers of Mathematics in China},
  volume={7},
  number={2},
  pages={217--247},
  year={2012},
  publisher={Springer}
}

@article{ChengEtAl2005,
  title={On the compression of low rank matrices},
  author={Cheng, H. and Gimbutas, Z. and Martinsson, P.G. and Rokhlin, V.},
  journal={SIAM Journal on Scientific Computing},
  volume={26},
  number={4},
  pages={1389--1404},
  year={2005},
  publisher={SIAM}
}

@article{MartRokh2005,
  title={A fast direct solver for boundary integral equations in two dimensions},
  author={Martinsson, P.G. and Rokhlin, V.},
  journal={Journal of Computational Physics},
  volume={205},
  number={1},
  pages={1--23},
  year={2005},
  publisher={Elsevier}
}

@article{GuEis96,
  title={Efficient algorithms for computing a strong rank-revealing {QR} factorization},
  author={Gu, M. and Eisenstat, S. C. },
  journal={SIAM Journal on Scientific Computing},
  volume={17},
  number={4},
  pages={848--869},
  year={1996},
  publisher={SIAM}
}

@article{Bjorck94,
  title={Numerics of {G}ram-{S}chmidt orthogonalization},
  author={Bj{\"o}rck, A.},
  journal={Linear Algebra and Its Applications},
  volume={197},
  pages={297--316},
  year={1994},
  publisher={Elsevier}
}

@book{Bjorck96,
  title={Numerical methods for least squares problems},
  author={Bj{\"o}rck, A.},
  year={1996},
  publisher={SIAM}
}

@article{Dax2000,
  title={A modified {G}ram--{S}chmidt algorithm with iterative orthogonalization and column pivoting},
  author={Dax, A.},
  journal={Linear Algebra and its Applications},
  volume={310},
  number={1},
  pages={25--42},
  year={2000},
  publisher={Elsevier}
}

@online{CBMS, 
author={Martinsson, P.G.},
title={2014 {CBMS-NSF} {C}onference: Fast Direct Solvers for Elliptic {PDE}s: Lecture Materials},
year={2014},
url={https://math.dartmouth.edu/~fastdirect/mat.php}
}

@online{CBMScode, 
author={Martinsson, P.G.},
title={2014 {CBMS-NSF} {C}onference: Fast Direct Solvers for Elliptic {PDE}s: Codes},
year={2014},
url={http://amath.colorado.edu/faculty/martinss/2014_CBMS/codes.html}
}


@Comment{ELECTROSTATICS}
@Comment{-----------------------------------------------}

@book{Griffiths,
  title={Introduction to electrodynamics},
  author={Griffiths, D. J.},
  year={2013},
  publisher={Boston: Pearson}
}

@Comment{UMFPACK}
@Comment{---------------------------------}
@article{UMF,
  title={Algorithm 832: {UMFPACK V}4. 3---an unsymmetric-pattern multifrontal method},
  author={Davis, T. A.},
  journal={ACM Transactions on Mathematical Software (TOMS)},
  volume={30},
  number={2},
  pages={196--199},
  year={2004},
  publisher={ACM}
}

@Comment{NUMERICAL SOLUTON OF PDES}
@Comment{---------------------------------}
@book{Lev2007,
  title={Finite difference methods for ordinary and partial differential equations: steady-state and time-dependent problems},
  author={LeVeque, R. J.},
  volume={98},
  year={2007},
  publisher={SIAM}
}

@Comment{SPECTRAL DEFERRED CORRECTION}
@Comment{--------------------------------------------------------}
@article{Tang2008,
  title={On spectral methods for {V}olterra integral equations and the convergence analysis},
  author={Tang, T. and Xu, X. and Cheng, J.},
  journal={J. Comput. Math},
  volume={26},
  number={6},
  pages={825--837},
  year={2008}
}
@book{Hair2006,
  title={Geometric numerical integration: structure-preserving algorithms for ordinary differential equations},
  author={Hairer, E. and Lubich, C. and Wanner, G.},
  volume={31},
  year={2006},
  publisher={Springer Science \& Business Media}
}

@article{Dutt2000,
  title={Spectral deferred correction methods for ordinary differential equations},
  author={Dutt, A. and Greengard, L. and Rokhlin, V.},
  journal={BIT Numerical Mathematics},
  volume={40},
  number={2},
  pages={241--266},
  year={2000},
  publisher={Springer}
}

@article{Green91,
  title={Spectral integration and two-point boundary value problems},
  author={Greengard, L.},
  journal={SIAM Journal on Numerical Analysis},
  volume={28},
  number={4},
  pages={1071--1080},
  year={1991},
  publisher={SIAM}
}

@book{Gott77,
  title={Numerical analysis of spectral methods: theory and applications},
  author={Gottlieb, D. and Orszag, S. A.},
  volume={26},
  year={1977},
  publisher={SIAM}
}

@article{Hair93,
  title={Solving Ordinary Differential Equations {I}, Nonstiff Problems},
  author={Hairer, E. and Norsett, S.P. and Wanner, G.},
  journal={Section III},
  volume={8},
  year={1993}
}

@Comment{NUMERICAL ANALYSIS}
@Comment{--------------------------------------------------------}
@BOOK{NumAn2011,
author = {R. L. Burden and J. D. Faires},
publisher={Brooks/Cole, Cengage Learning, Boston, MA},
title = {Numerical Analysis},
year = {2011},

}

@Comment{HSS/HIERARCHAL MATRICES}
@Comment{--------------------------------------------------------}

@book{Stein2007,
  title={The fast solution of boundary integral equations},
  author={Rjasanow, S. and Steinbach, O.},
  year={2007},
  publisher={Springer Science \& Business Media}
}

@article{Hack99,
  title={A sparse matrix arithmetic based on {H}-matrices. part {I}: Introduction to {H}-matrices},
  author={Hackbusch, W.},
  journal={Computing},
  volume={62},
  number={2},
  pages={89--108},
  year={1999},
  publisher={Springer}
}

@book{Bjorn2010,
  title={Efficient numerical methods for non-local operators: {H2}-matrix compression, algorithms and analysis},
  author={B{\"o}rm, S.},
  volume={14},
  year={2010},
  publisher={European Mathematical Society}
}

@article{Xia2009,
  title={Superfast multifrontal method for large structured linear systems of equations},
  author={Xia, J. and Chandrasekaran, S. and Gu, M. and Li, X. S.},
  journal={SIAM Journal on Matrix Analysis and Applications},
  volume={31},
  number={3},
  pages={1382--1411},
  year={2009},
  publisher={SIAM}
}

@Comment{PDES APPLICATIONS}
@Comment{--------------------------------------------------------}

@article{Chap2001,
  title={Spatio-temporal pattern formation on spherical surfaces: numerical simulation and application to solid tumour growth},
  author={Chaplain, M. A.J. and Ganesh, M. and Graham, I. G.},
  journal={Journal of Mathematical Biology},
  volume={42},
  number={5},
  pages={387--423},
  year={2001},
  publisher={Springer}
}


@article{Myers2004,
  title={A mathematical model for atmospheric ice accretion and water flow on a cold surface},
  author={Myers, T.G. and Charpin, J. PF},
  journal={International Journal of Heat and Mass Transfer},
  volume={47},
  number={25},
  pages={5483--5500},
  year={2004},
  publisher={Elsevier}
}

@article{Wit91,
  title={Reaction-diffusion textures},
  author={Witkin, A. and Kass, M.},
  journal={ACM Siggraph Computer Graphics},
  volume={25},
  number={4},
  pages={299--308},
  year={1991},
  publisher={ACM}
}

